<?xml version="1.0" encoding="UTF-8"?><collection xmlns="http://www.loc.gov/MARC21/slim"><record><leader>00516nam--2200193-i-4500</leader><controlfield tag="001">000014427</controlfield><controlfield tag="002">20161230</controlfield><controlfield tag="005">20161230201030</controlfield><controlfield tag="008">060222s1000------------r-----000-0-rus-d</controlfield><datafield ind1=" " ind2=" " tag="040"><subfield code="a">IFIN-HH</subfield></datafield><datafield ind1=" " ind2=" " tag="041"><subfield code="a">rus</subfield></datafield><datafield ind1=" " ind2=" " tag="080"><subfield code="a">539.1.08:614.898</subfield></datafield><datafield ind1="1" ind2=" " tag="100"><subfield code="a">Bondarenko, I.P</subfield></datafield><datafield ind1="1" ind2="0" tag="245"><subfield code="a">Osnovi dozimtrii i zasiti ot izlucenii</subfield><subfield code="c">I.p. bondareko, n.v. budarova</subfield></datafield><datafield ind1=" " ind2=" " tag="260"><subfield code="a">Moskva</subfield><subfield code="b">Visaia Skola</subfield><subfield code="c">1962</subfield></datafield><datafield ind1=" " ind2=" " tag="300"><subfield code="a">298P</subfield></datafield><datafield ind1="1" ind2=" " tag="700"><subfield code="a">Budarova, N.V</subfield></datafield><datafield ind1=" " ind2=" " tag="852"><subfield code="a">8733</subfield><subfield code="c">539.1.07:539.1.08</subfield></datafield><datafield ind1=" " ind2=" " tag="CAT"><subfield code="a">Sys</subfield><subfield code="c">20111017</subfield><subfield code="h">144625</subfield></datafield></record></collection>